<?xml version="1.0" encoding="UTF-8"?><record xmlns="http://www.loc.gov/MARC21/slim" xmlns:cinclude="http://apache.org/cocoon/include/1.0" xmlns:zs="http://www.loc.gov/zing/srw/">
  <leader>00762nz  a2200133n  4500</leader>
  <controlfield tag="001">n 2015059011</controlfield>
  <controlfield tag="003">DLC</controlfield>
  <controlfield tag="005">20151001141417.0</controlfield>
  <controlfield tag="008">151001n| azannaabn          |n aaa      </controlfield>
  <datafield tag="010" ind1=" " ind2=" ">
    <subfield code="a">n 2015059011</subfield>
  </datafield>
  <datafield tag="040" ind1=" " ind2=" ">
    <subfield code="a">DLC</subfield>
    <subfield code="b">eng</subfield>
    <subfield code="e">rda</subfield>
    <subfield code="c">DLC</subfield>
  </datafield>
  <datafield tag="100" ind1="1" ind2=" ">
    <subfield code="a">Miller, John</subfield>
    <subfield code="c">(Bluegrass musician)</subfield>
  </datafield>
  <datafield tag="670" ind1=" " ind2=" ">
    <subfield code="a">Banjoland, 2013:</subfield>
    <subfield code="b">container (John Miller; vocals)</subfield>
  </datafield>
  <datafield tag="670" ind1=" " ind2=" ">
    <subfield code="a">Bluegrass Today WWW site, Oct. 1, 2015</subfield>
    <subfield code="b">(John Miller; throat cancer victim; bluegrass picker and songwriter; has been playing and singing bluegrass since a child in East Tennessee; now living in Christiansburg, Va.; has played with Bill Emerson, Junior Sisk &amp; Ramblers Choice; Tim &amp; Savannah Finch, and is currently playing with The Travelers and the Eastman String Band)</subfield>
    <subfield code="u">http://bluegrasstoday.com/tag/john-miller/</subfield>
  </datafield>
</record>